<record><leader>00000cas a22000007a 4500</leader><controlfield tag="001">14206792</controlfield><controlfield tag="008">860911c19uu9999cauwr ne      0   a0eng d</controlfield><datafield ind1=" " ind2=" " tag="010"><subfield code="a">sn 86011932 </subfield></datafield><datafield ind1=" " ind2=" " tag="040"><subfield code="a">NSD</subfield><subfield code="b">eng</subfield><subfield code="c">NSD</subfield><subfield code="d">OCLCQ</subfield></datafield><datafield ind1=" " ind2=" " tag="012"><subfield code="l">1</subfield></datafield><datafield ind1="1" ind2=" " tag="022"><subfield code="a">0890-3522</subfield><subfield code="l">0890-3522</subfield><subfield code="2">1</subfield></datafield><datafield ind1=" " ind2=" " tag="037"><subfield code="b">Reporter Publications, 1366 Turk St., San Francisco, CA 94115</subfield></datafield><datafield ind1=" " ind2=" " tag="042"><subfield code="a">nsdp</subfield></datafield><datafield ind1=" " ind2="0" tag="222"><subfield code="a">San Joaquin metro reporter</subfield></datafield><datafield ind1="0" ind2="0" tag="245"><subfield code="a">San Joaquin metro reporter.</subfield></datafield><datafield ind1="1" ind2="3" tag="246"><subfield code="a">Metro reporter group</subfield></datafield><datafield ind1="1" ind2="7" tag="246"><subfield code="a">Metro reporter</subfield></datafield><datafield ind1=" " ind2=" " tag="260"><subfield code="a">San Francisco, CA :</subfield><subfield code="b">Reporter Publications</subfield></datafield><datafield ind1=" " ind2=" " tag="310"><subfield code="a">Weekly</subfield></datafield><datafield ind1=" " ind2=" " tag="588"><subfield code="a">Description based on: Vol. 14, no. 25 (Sunday, June 22, 1986).</subfield></datafield><datafield ind1=" " ind2=" " tag="752"><subfield code="a">United States</subfield><subfield code="b">California</subfield><subfield code="c">San Joaquin.</subfield></datafield></record>